% This file was created with JabRef 2.3.1.
% Encoding: UTF8
@article{leonarski2023kilohertz,
  title={Kilohertz serial crystallography with the JUNGFRAU detector at a fourth-generation synchrotron source},
  author={Leonarski, Filip and Nan, Jie and Matej, Zdenek and Bertrand, Quentin and Furrer, Antonia and Gorgisyan, Ishkhan and Bjel{\v{c}}i{\'c}, Monika and Kepa, Michal and Glover, Hannah and Hinger, Viktoria and others},
  journal={IUCrJ},
  volume={10},
  number={6},
  year={2023},
  publisher={International Union of Crystallography}
}
@article{junior2010variations,
  title={Variations of the kanban system: Literature review and classification},
  author={Junior, Muris Lage and Godinho Filho, Moacir},
  journal={International journal of production economics},
  volume={125},
  number={1},
  pages={13--21},
  year={2010},
  publisher={Elsevier}
}


@article{dullin2024vivo,
  title={In vivo low-dose phase-contrast CT for quantification of functional and anatomical alterations in lungs of an experimental allergic airway disease mouse model},
  author={Dullin, Christian and Albers, Jonas and Tagat, Aishwarya and Lorenzon, Andrea and D'Amico, Lorenzo and Chiriotti, Sabina and Sodini, Nicola and Dreossi, Diego and Alves, Frauke and Bergamaschi, Anna and others},
  journal={Frontiers in medicine},
  volume={11},
  pages={1338846},
  year={2024},
  publisher={Frontiers Media SA}
}

@article{lemcoff2023brilliant,
  title={Brilliant whiteness in shrimp from ultra-thin layers of birefringent nanospheres},
  author={Lemcoff, Tali and Alus, Lotem and Haataja, Johannes S and Wagner, Avital and Zhang, Gan and Pavan, Mariela J and Yallapragada, Venkata Jayasurya and Vignolini, Silvia and Oron, Dan and Schertel, Lukas and others},
  journal={Nature Photonics},
  volume={17},
  number={6},
  pages={485--493},
  year={2023},
  publisher={Nature Publishing Group UK London}
}

@article{butcher2024ptychographic,
  title={Ptychographic nanoscale imaging of the magnetoelectric coupling in freestanding BiFeO3},
  author={Butcher, Tim A and Phillips, Nicholas W and Chiu, Chun-Chien and Wei, Chia-Chun and Ho, Sheng-Zhu and Chen, Yi-Chun and Fr{\"o}jdh, Erik and Baruffaldi, Filippo and Carulla, Maria and Zhang, Jiaguo and others},
  journal={Advanced Materials},
  pages={2311157},
  year={2024},
  publisher={Wiley Online Library}
}

@article{pomeranz2009crystal,
  title={Crystal structure of human spliceosomal U1 snRNP at 5.5 {\AA} resolution},
  author={Pomeranz Krummel, Daniel A and Oubridge, Chris and Leung, Adelaine KW and Li, Jade and Nagai, Kiyoshi},
  journal={Nature},
  volume={458},
  number={7237},
  pages={475--480},
  year={2009},
  publisher={Nature Publishing Group UK London}
}

@article{PhysRevLett.128.024801,
  title     = {High-Brilliance Ultranarrow-Band X Rays via Electron Radiation in Colliding Laser Pulses},
  author    = {Lv, Q. Z. and Raicher, E. and Keitel, C. H. and Hatsagortsyan, K. Z.},
  journal   = {Phys. Rev. Lett.},
  volume    = {128},
  issue     = {2},
  pages     = {024801},
  numpages  = {7},
  year      = {2022},
  month     = {Jan},
  publisher = {American Physical Society},
  doi       = {10.1103/PhysRevLett.128.024801},
  url       = {https://link.aps.org/doi/10.1103/PhysRevLett.128.024801}
}

@inproceedings{boge2002first,
  title     = {First operation of the swiss light source},
  author    = {B{\"o}ge, M},
  booktitle = {Proc. EPAC},
  volume    = {2},
  year      = {2002}
}
 
@online{aboutSLS,
  author   = {PSI Website},
  title    = {About Swiss Light Source SLS},
  url      = {https://www.psi.ch/en/sls/about-sls},
  keywords = {SLS,PSI}
}
